<record><leader>00000cas a22000007a 4500</leader><controlfield tag="001">37603521</controlfield><controlfield tag="008">970911d19801984tnuwr ne      0    0eng d</controlfield><datafield ind1=" " ind2=" " tag="010"><subfield code="a">sn 97065423 </subfield></datafield><datafield ind1=" " ind2=" " tag="040"><subfield code="a">TGN</subfield><subfield code="b">eng</subfield><subfield code="c">TGN</subfield><subfield code="d">OCLCQ</subfield><subfield code="d">OCLCF</subfield><subfield code="d">OCLCO</subfield></datafield><datafield ind1="1" ind2=" " tag="029"><subfield code="a">AU@</subfield><subfield code="b">000013497197</subfield></datafield><datafield ind1=" " ind2=" " tag="042"><subfield code="a">msc</subfield></datafield><datafield ind1=" " ind2=" " tag="043"><subfield code="a">n-us-tn</subfield></datafield><datafield ind1="0" ind2=" " tag="130"><subfield code="a">Mini (Madisonville, Tenn.)</subfield></datafield><datafield ind1="1" ind2="4" tag="245"><subfield code="a">The Mini.</subfield></datafield><datafield ind1="1" ind2=" " tag="246"><subfield code="i">Colophon title:</subfield><subfield code="a">Friday mini-edition of the tri-county observer</subfield></datafield><datafield ind1="3" ind2="0" tag="246"><subfield code="a">Friday edition of the tri-county observer</subfield></datafield><datafield ind1=" " ind2=" " tag="260"><subfield code="a">Madisonville, Tenn. :</subfield><subfield code="b">Monroe Pub. Co.,</subfield><subfield code="c">1980-1984.</subfield></datafield><datafield ind1=" " ind2=" " tag="300"><subfield code="a">v.</subfield></datafield><datafield ind1=" " ind2=" " tag="310"><subfield code="a">Weekly</subfield></datafield><datafield ind1="0" ind2=" " tag="362"><subfield code="a">Feb. 15, 1980-v. 7, no. 19 (Feb. 3, 1984).</subfield></datafield><datafield ind1=" " ind2=" " tag="500"><subfield code="a">Publishers: Monroe Pub. Co., 1980-1982; Monroe County Pub. Co., 1982-1984.</subfield></datafield><datafield ind1=" " ind2=" " tag="500"><subfield code="a">Editor: Dan Hicks, Jr., 1980-1984.</subfield></datafield><datafield ind1=" " ind2="0" tag="651"><subfield code="a">Madisonville (Tenn.)</subfield><subfield code="v">Newspapers.</subfield></datafield><datafield ind1=" " ind2="0" tag="651"><subfield code="a">Monroe County (Tenn.)</subfield><subfield code="v">Newspapers.</subfield></datafield><datafield ind1=" " ind2="7" tag="655"><subfield code="a">Newspapers.</subfield><subfield code="2">fast</subfield><subfield code="0">(OCoLC)fst01423814</subfield></datafield><datafield ind1=" " ind2="7" tag="651"><subfield code="a">Tennessee</subfield><subfield code="z">Madisonville.</subfield><subfield code="2">fast</subfield><subfield code="0">(OCoLC)fst01231988</subfield></datafield><datafield ind1=" " ind2="7" tag="651"><subfield code="a">Tennessee</subfield><subfield code="z">Monroe County.</subfield><subfield code="2">fast</subfield><subfield code="0">(OCoLC)fst01208171</subfield></datafield><datafield ind1=" " ind2=" " tag="752"><subfield code="a">United States</subfield><subfield code="b">Tennessee</subfield><subfield code="c">Monroe</subfield><subfield code="d">Madisonville.</subfield></datafield><datafield ind1="0" ind2=" " tag="775"><subfield code="t">Tri-county observer</subfield><subfield code="g">Feb. 15, 1980-Jan. 3, 1984</subfield><subfield code="w">(DLC)sn 97065417</subfield></datafield><datafield ind1="0" ind2=" " tag="775"><subfield code="t">Democrat observer</subfield><subfield code="g">Jan. 10-Feb. 3, 1984</subfield><subfield code="w">(DLC)sn 84007671</subfield></datafield><datafield ind1="0" ind2="0" tag="780"><subfield code="t">Observer (Madisonville, Tenn.)</subfield><subfield code="w">(DLC)sn 97065424</subfield></datafield><datafield ind1="0" ind2="0" tag="785"><subfield code="t">Mini democrat</subfield><subfield code="w">(DLC)sn 97065422</subfield></datafield></record>